% Encoding: UTF-8
%\newcommand\EatDot[1]{}


@article{Mecking:2003zu,
      author         = "Mecking, {\relax B.A} and others",
      title          = "{The CEBAF Large Acceptance Spectrometer (CLAS)}",
      journal        = "Nucl. Instrum. Meth.",
      volume         = "A503",
      year           = "2003",
      pages          = "513-553",
      doi            = "10.1016/S0168-9002(03)01001-5",
      reportNumber   = "JLAB-PHY-03-01",
      SLACcitation   = "%%CITATION = NUIMA,A503,513;%%"
}%CLAS detector


@article{Mestayer:2000we,
    author = "Mestayer, {\relax M.D} and others",
    title = "{The CLAS drift chamber system}",
    reportNumber = "JLAB-PHY-99-11",
    journal = "Nucl. Instrum. Meth. A",
    volume = "449",
    pages = "81--111",
    year = "2000"
    doi = "10.1016/S0168-9002(00)00151-0",
}%CLAS DC


@article{Amarian:2001zs,
      author         = "Amarian, M. and others",
      title          = "{The CLAS forward electromagnetic calorimeter}",
      journal        = "Nucl. Instrum. Meth.",
      volume         = "A460",
      year           = "2001",
      pages          = "239-265",
      doi            = "10.1016/S0168-9002(00)00996-7",
      reportNumber   = "JLAB-PHY-00-28",
      SLACcitation   = "%%CITATION = NUIMA,A460,239;%%"
}% CLAS calorimeter

@article{Adams:2001kk,
      author         = "Adams, G. and others",
      title          = "{The CLAS Cherenkov detector}",
      journal        = "Nucl. Instrum. Meth.",
      volume         = "A465",
      year           = "2001",
      pages          = "414-427",
      doi            = "10.1016/S0168-9002(00)01313-9",
      reportNumber   = "JLAB-PHY-01-46",
      SLACcitation   = "%%CITATION = NUIMA,A465,414;%%"
}%The CLAS CC

@article{clas_tof_paddles,
      author         = "G. Mutchler, and S. Taylor and Elton Smith",
      title          = "\href{https://www.jlab.org/Hall-B/notes/clas_notes98/note98-008.pdf}{CLAS TOF Scintillator Positions}",
      ee = {https://www.jlab.org/Hall-B/notes/clas_notes98/note98-008.pdf},
      journal   = "{\normalfont CLAS-NOTE-1998-008}",
      year           = "1998",
}%clas tof paddles note


@article{Smith:1999ii,
      author         = "Smith,   {\relax E.S} and others",
      title          = "{The time-of-flight system for CLAS}",
      journal        = "Nucl. Instrum. Meth.",
      volume         = "A432",
      year           = "1999",
      pages          = "265-298",
      doi            = "10.1016/S0168-9002(99)00484-2",
      reportNumber   = "JLAB-PHY-99-03",
      SLACcitation   = "%%CITATION = NUIMA,A432,265;%%"
}%CLAS TOF paper

@misc{target, 
      author = {{e1e target assembly}},
      howpublished = {\url{https://userweb.jlab.org/~skorodum/e1e_target/tar_e1e_web.pdf}}
}%target


@article{twopeg,
      author         = " {\relax Iu} Skorodumina and {\relax G.V} Fedotov and others",
      title          = "\href{https://misportal.jlab.org/mis/physics/clas12/viewFile.cfm/2017-001.pdf?documentId=36}{TWOPEG: An Event Generator for Charged Double Pion Electroproduction off Proton}",
      journal   = "CLAS12-NOTE-2017-001",
      ee = {https://misportal.jlab.org/mis/physics/clas12/viewFile.cfm/2017-001.pdf?documentId=36},
      year           = "2017",
      eprint         = "1703.08081",
      archivePrefix  = "arXiv",
      primaryClass   = "physics.data-an",
      SLACcitation   = "%%CITATION = ARXIV:1703.08081;%%"
}%twopeg

@article{twopeg-d,
      author         = "Skorodumina, {\relax Iu}. and Fedotov, {\relax G.V} and Gothe, {\relax R.W}",
      title          = "\href{https://misportal.jlab.org/mis/physics/clas12/viewFile.cfm/2017-014.pdf?documentId=50}{TWOPEG-D: An Extension of TWOPEG for the Case of a Moving Proton Target}",
      journal   = "CLAS12-NOTE-2017-014",
      ee = {https://misportal.jlab.org/mis/physics/clas12/viewFile.cfm/2017-014.pdf?documentId=50},
      year           = "2017",
      eprint         = "1712.07712",
      archivePrefix  = "arXiv",
      primaryClass   = "physics.data-an",
      SLACcitation   = "%%CITATION = ARXIV:1703.08081;%%"
}%twopeg-d

@article{Egian:007,
      author         = "K. Egiyan and others",
      title          = "\href{https://www.jlab.org/Hall-B/notes/clas_notes99.html}{Determination of electron energy cut due to the CLAS EC threshold}",
      ee = {https://www.jlab.org/Hall-B/notes/clas_notes99.html},
      journal   = "CLAS-NOTE-99-007",
      year           = "1999",
}%EC threshold cut

@article{Osipenko:2004,
      author         = "M. Osipenko and A. Vlassov and M. Taiuti",
      title          = "\href{https://www.jlab.org/Hall-B/notes/clas_notes04/2004-020.pdf}{Matching between the electron candidate track and Cherenkov counter hit}", 
      ee = {https://www.jlab.org/Hall-B/notes/clas_notes04/2004-020.pdf},
      journal   = "CLAS-NOTE-2004-020",
      year           = "2004",
}%CC plane determination

@book{Ungaro:2010,     
      author         = "M. Ungaro and K. Joo",
      title          = "\href{https://userweb.jlab.org/~ungaro/maureepage/proj/pi0/e\_pid/e\_pid.html}{e1-6 Electron Identification}",
      publisher         = "\url{https://userweb.jlab.org/~ungaro/maureepage/proj/pi0/e\_pid/e\_pid.html}",
      address = "CLAS web page"
}%M. Ungaro web page, cc angles matching


%@misc{Ungaro:2010,
%     author         = "M. Ungaro and K. Joo",
%     year           = "2010", 
%     howpublished = {CLAS web page, \url{https://userweb.jlab.org/$\sim$ungaro/maureepage/proj/pi0/e\_pid/e\_pid.html}}
%}%M. Ungaro web page, cc angles matching


@book{my_thesis:2021,     
      author         = "Skorodumina, {\relax Iu}",
      title          = "\href{https://www.jlab.org/Hall-B/general/clas_thesis.html}{\normalfont Ph.D. thesis (2021), }",
      publisher         = "\url{https://www.jlab.org/Hall-B/general/clas_thesis.html}",
}%M. Ungaro web page, cc angles matching



@article{my_an_note:2020,
      author         = "Skorodumina, {\relax Iu} and others",
      title          = "\href{https://misportal.jlab.org/ul/Physics/Hall-B/clas/index.cfm?note_year=2021}{Quasi-free cross section measurements for the $\pi^{+}\pi^{-}$ electroproduction off the proton in deuterium withCLAS and a 2.039 GeV beam}",
      ee = {https://misportal.jlab.org/ul/Physics/Hall-B/clas/index.cfm?note_year=2021},
      journal   = "CLAS-Analysis-2021-102 (CLAS-Note-2021-002)",
      year           = "2020",
}%Skorodum new note



@article{Fed_an_note:2017,
      author         = "{\relax G.V} Fedotov and others",
      title          = "\href{https://misportal.jlab.org/ul/Physics/Hall-B/clas/viewFile.cfm/2018-001.pdf?documentId=776}{Analysis report on the $ep \rightarrow e'p \pi^{+}\pi^{-}$ reaction in the CLAS detector with a 2.039 GeV}",
      ee = {https://misportal.jlab.org/ul/Physics/Hall-B/clas/viewFile.cfm/2018-001.pdf?documentId=776},
      journal   = "CLAS-Analysis-2017-101 (CLAS-NOTE-2018-001)",
      year           = "2017",
}%Fed new note


@article{Fed_paper_2018,
      author         = "Fedotov, {\relax G.V} and others",
      title          = "{Measurements of the $\gamma_{v} p \rightarrow p' \pi^{+}
                        \pi^{-}$ cross section with the CLAS detector for $0.4$
                        GeV$^{2}$ $< Q^{2} <$ $1.0$ GeV$^{2}$ and $1.3$ GeV $< W
                        <$ $1.825$ GeV}",
      collaboration  = "CLAS Collaboration",
      journal        = "Phys. Rev.",
      volume         = "C98",
      year           = "2018",
      number         = "2",
      pages          = "025203",
      doi            = "10.1103/PhysRevC.98.025203",
  %    eprint         = "1804.05136",
  %    archivePrefix  = "arXiv",
  %    primaryClass   = "nucl-ex",
      SLACcitation   = "%%CITATION = ARXIV:1804.05136;%%"
}%Fed new paper

@article{KPark:momcorr,
      author         = "Kijun Park and others",
      title          = "\href{https://www.jlab.org/Hall-B/notes/clas_notes03/03-012.pdf}{Kinematics Corrections for CLAS}",
      ee = {https://www.jlab.org/Hall-B/notes/clas_notes03/03-012.pdf},
      journal   = "CLAS-Note-2003-012",
      year           = "2003",
}%el mom corr


@article{Mokeev:2008iw,
      author         = "Mokeev, {\relax V.I} and others",
      title          = "{Model Analysis of the p pi+ pi- Electroproduction
                        Reaction on the Proton}",
      journal        = "Phys. Rev.",
      volume         = "C80",
      year           = "2009",
      pages          = "045212",
       doi            = "10.1103/PhysRevC.80.045212",
   %   eprint         = "0809.4158",
    %   archivePrefix  = "arXiv",
    %   primaryClass   = "hep-ph",
      reportNumber   = "JLAB-PHY-08-882",
      SLACcitation   = "%%CITATION = ARXIV:0809.4158;%%"
}

@article{Mokeev:2012vsa,
      author         = "Mokeev, {\relax V.I} and others",
      title          = "{Experimental Study of the $P_{11}(1440)$ and
                        $D_{13}(1520)$ resonances from CLAS data on $ep
                        \rightarrow e'\pi^{+} \pi^{-} p'$}",
      collaboration  = "CLAS Collaboration",
      journal        = "Phys. Rev.",
      volume         = "C86",
      year           = "2012",
      pages          = "035203",
      doi            = "10.1103/PhysRevC.86.035203",
    %  eprint         = "1205.3948",
    %  archivePrefix  = "arXiv",
    %  primaryClass   = "nucl-ex",
      reportNumber   = "JLAB-PHY-12-1530",
      SLACcitation   = "%%CITATION = ARXIV:1205.3948;%%"
}


@article{Mokeev:2015lda,
      author         = "Mokeev, {\relax V.I} and others",
      title          = "{New Results from the Studies of the $N(1440)1/2^+$,
                        $N(1520)3/2^-$, and $\Delta(1620)1/2^-$ Resonances in
                        Exclusive $ep \to e'p' \pi^+ \pi^-$ Electroproduction with
                        the CLAS Detector}",
      journal        = "Phys. Rev.",
      volume         = "C93",
      year           = "2016",
      number         = "2",
      pages          = "025206",
      doi            = "10.1103/PhysRevC.93.025206",
  %    eprint         = "1509.05460",
  %    archivePrefix  = "arXiv",
   %   primaryClass   = "nucl-ex",
      reportNumber   = "JLAB-PHY-15-2137",
      SLACcitation   = "%%CITATION = ARXIV:1509.05460;%%"
}


@article{Wu:2005wf,
      author         = "Wu, C. and others",
      title          = "{Photoproduction of $\rho^{0}$ mesons and Delta-baryons in the
                        reaction $\gamma p \rightarrow p \pi^{+} \pi^{-}$ at energies up to $s^{1/2} = 2.6$~GeV}",
      journal        = "Eur. Phys. J.",
      volume         = "A23",
      year           = "2005",
      pages          = "317-344",
      doi            = "10.1140/epja/i2004-10093-9",
      SLACcitation   = "%%CITATION = EPHJA,A23,317;%%"
}


@article{ABBHHM:1968aa,
      author         = "{\relax ABBHHM Collaboration}",
      title          = "{Photoproduction of Meson and Baryon Resonances at
                        Energies up to 5.8 GEV}",
      collaboration  = "Aachen-Berlin-Bonn-Hamburg-Heidelberg-Munich",
      journal        = "Phys. Rev.",
      volume         = "175",
      year           = "1968",
      pages          = "1669-1696",
      doi            = "10.1103/PhysRev.175.1669",
      reportNumber   = "DESY-68-8",
      SLACcitation   = "%%CITATION = PHRVA,175,1669;%%"
}


@article{Mo:1968cg,
      author         = "Mo, {\relax L.W} and Tsai, {\relax Y.-S}",
      title          = "{Radiative Corrections to Elastic and Inelastic $e p$ and
                        $\mu p$ Scattering}",
      journal        = "Rev. Mod. Phys.",
      volume         = "41",
      pages          = "205-235",
      doi            = "10.1103/RevModPhys.41.205",
      year           = "1969",
      reportNumber   = "SLAC-PUB-0380",
      SLACcitation   = "%%CITATION = RMPHA,41,205;%%",
}%Mo&Tsai



@article{Skorodumina:2016pnb,
      author         = "Skorodumina, {\relax Iu.A} and others",
      title          = "{Nucleon resonances in exclusive reactions of photo- and
                        electroproduction of mesons}",
      journal        = "Moscow Univ. Phys. Bull.",
      volume         = "70",
      year           = "2015",
      number         = "6",
      pages          = "429-447",
      doi            = "10.3103/S002713491506017X",
      note           = "[Vestn. Mosk. Univ.,no.6,3(2015)]",
      SLACcitation   = "%%CITATION = MUPBA,70,429;%%"
}


@article{Burkert:2016kyi,
      author         = "Burkert, {\relax V.D}",
      title          = "{Spectrum and Structure of Excited Baryons with CLAS}",
      collaboration  = "CLAS",
      journal        = "EPJ Web Conf.",
      volume         = "134",
      year           = "2017",
      pages          = "01001",
      doi            = "10.1051/epjconf/201713401001",
      eprint         = "1610.00400",
      archivePrefix  = "arXiv",
      primaryClass   = "nucl-ex",
      reportNumber   = "JLAB-PHY-17-1",
      SLACcitation   = "%%CITATION = ARXIV:1610.00400;%%"
}

%booktitle      = "{Proceedings, SFB/TRR16 Symposium: Subnuclear Structure
                        of Matter: Achievements and Challenges: Bonn, Germany,
                        June 6-9, 2016}",
@article{Krusche:2003ik,
      author         = "Krusche, B. and Schadmand, S.",
      title          = "{Study of nonstrange baryon resonances with meson
                        photoproduction}",
      journal        = "Prog. Part. Nucl. Phys.",
      volume         = "51",
      year           = "2003",
      pages          = "399-485",
      doi            = "10.1016/S0146-6410(03)90005-6",
  %    eprint         = "nucl-ex/0306023",
   %      archivePrefix  = "arXiv",
   %      primaryClass   = "nucl-ex",
      SLACcitation   = "%%CITATION = NUCL-EX/0306023;%%"
}

@article{Aznauryan:2011qj,
      author         = "Aznauryan, {\relax I.G} and Burkert, {\relax V.D}",
      title          = "{Electroexcitation of nucleon resonances}",
      journal        = "Prog. Part. Nucl. Phys.",
      volume         = "67",
      year           = "2012",
      pages          = "1-54",
      doi            = "10.1016/j.ppnp.2011.08.001",
   %   eprint         = "1109.1720",
    %     archivePrefix  = "arXiv",
    %     primaryClass   = "hep-ph",
      reportNumber   = "JLAB-PHY-11-1409",
      SLACcitation   = "%%CITATION = ARXIV:1109.1720;%%"
}


@misc{CLAS_DB,
  author = {{CLAS Physics Database}},
  howpublished = {\url{http://clas.sinp.msu.ru/cgi-bin/jlab/db.cgi}}
}


@misc{Fed_an_note:2017,
     author         = " {\relax G.V} Fedotov and others",
     year           = "2017",     
      howpublished = {CLAS-Analysis-2017-101 (CLAS-NOTE-2018-001), \url{https://misportal.jlab.org/ul/Physics/Hall-B/clas/viewFile.cfm/2018-001.pdf?documentId=776}}
}%
%title          = "Analysis report on the $ep \rightarrow e'p \pi^{+}\pi^{-}$ reaction in the CLAS detector with a 2.039 GeV",
%collaboration  = "CLAS-Analysis 2017-101 (CLAS-NOTE 2018-001)",


@article{Isupov:2017lnd,
      author         = "Isupov, {\relax E.L} and others",
      title          = "{Measurements of epâ†’eâ€²Ï€+Ï€âˆ’pâ€² cross sections
                        with CLAS at 1.40GeV<W<2.0 GeV and 2.0GeV2<Q2<5.0GeV2}",
      collaboration  = "CLAS Collaboration",
      journal        = "Phys. Rev.",
      volume         = "C96",
      year           = "2017",
      number         = "2",
      pages          = "025209",
      doi            = "10.1103/PhysRevC.96.025209",
   %   eprint         = "1705.01901",
   %   archivePrefix  = "arXiv",
   %   primaryClass   = "nucl-ex",
      reportNumber   = "JLAB-PHY-17-2453",
      SLACcitation   = "%%CITATION = ARXIV:1705.01901;%%"
}

@article{Fed_an_note:2007,
      author         = "{\relax G.V} Fedotov and others",
      title          = "\href{https://misportal.jlab.org/ul/physics/hall-b/clas/viewFile.cfm/2007-117.pdf?documentId=755}{Analysis report on the $ep \rightarrow e'p \pi^{+}\pi^{-}$ reaction in the CLAS detector with a 1.515 GeV beam for  $0.2 <Q^{2} < 0.6$ GeV$^{2}$ and $1.3 < W < 1.6$ GeV}",
      ee = {https://misportal.jlab.org/ul/physics/hall-b/clas/viewFile.cfm/2007-117.pdf?documentId=755},
      journal   = "CLAS-Analysis-2007-117",
      year           = "2007",
}%old Gleb's note

@article{Rip_an_note:2002,
      author         = "M. Ripani and others",
      title          = "\href{https://www.jlab.org/Hall-B/secure/analysis/clas_analysis02/2002-109.pdf}{Measurement of Two Pion Decay of Electroproduced Light Quark Baryon States with CLAS}",
      ee = {https://www.jlab.org/Hall-B/secure/analysis/clas_analysis02/2002-109.pdf},
      journal   = "CLAS-Analysis-2002-109",
      year           = "2002",
}%old Rapani's note


@article{Ripani:2002ss,
     author         = "Ripani, M. and others",
     title          = "{Measurement of $e p \rightarrow e' p \pi^+ \pi^-$ and baryon
                       resonance analysis}",
     collaboration  = "CLAS Collaboration",
     journal        = "Phys. Rev. Lett.",
     volume         = "91",
     year           = "2003",
     pages          = "022002",
    doi            = "10.1103/PhysRevLett.91.022002",
    %  eprint         = "hep-ex/0210054",
    %  archivePrefix  = "arXiv",
    %  primaryClass   = "hep-ex",
     reportNumber   = "JLAB-PHY-02-138",
     SLACcitation   = "%%CITATION = HEP-EX/0210054;%%"
}%
@article{Fedotov:2008aa,
     author         = "Fedotov, {\relax G.V} and others",
     title          = "{Electroproduction of $p\pi^+\pi^-$ off protons at $0.2 < Q^2
                       < 0.6$~GeV$^2$ and $1.3 < W < 1.57$~GeV with CLAS}",
     collaboration  = "CLAS Collaboration",
     journal        = "Phys. Rev.",
     volume         = "C79",
     year           = "2009",
     pages          = "015204",
     doi            = "10.1103/PhysRevC.79.015204",
  %    eprint         = "0809.1562",
  %    archivePrefix  = "arXiv",
  %    primaryClass   = "nucl-ex",
     reportNumber   = "JLAB-PHY-08-871",
     SLACcitation   = "%%CITATION = ARXIV:0809.1562;%%"
}% 

@article{Skorodumina:2015rea,
      author         = "Skorodumina, {\relax Yu} and others",
      title          = "{Investigating of the exclusive reaction of
                        $\pi^{+}\pi^{−}$ pair electroproduction on a proton
                        bound in a deuteron}",
      journal        = "Bull. Russ. Acad. Sci. Phys.",
      volume         = "79",
      year           = "2015",
      number         = "4",
      pages          = "532-536",
      note           = "[Izv. Ross. Akad. Nauk Ser. Fiz.79,no.4,575(2015)]",
      reportNumber   = "JLAB-PHY-15-2061",
      doi            = "10.3103/S1062873815040292",
      SLACcitation   = "%%CITATION = BUPSA,79,532;%%"
}% my article ia Izv Ran

@misc{Github:data,
  howpublished = {\url{https://github.com/gleb811/two\_pi\_exp\_data/tree/master/Skorodumina\_data\_Q2\_0425\_0975}}
}

@article{Machleidt:1987hj,
      author         = "Machleidt, R. and Holinde, K. and Elster, C.",
      title          = "{The Bonn Meson Exchange Model for the Nucleon Nucleon
                        Interaction}",
      journal        = "Phys. Rept.",
      volume         = "149",
      year           = "1987",
      pages          = "1-89",
      doi            = "10.1016/S0370-1573(87)80002-9",
      SLACcitation   = "%%CITATION = PRPLC,149,1;%%"
}%Bonn potential

@misc{KPark:momcorr,
      author         = "Kijun Park and others",
       howpublished = {CLAS-NOTE-2003-012, \url{https://www.jlab.org/Hall-B/notes/clas_notes03/03-012.pdf}},
      year           = "2003",
}
%title          = "Kinematics Corrections for CLAS",
@article{BOS:bank,
      journal          = "\href{http://clasweb.jlab.org/bos/browsebos.php}{http://clasweb.jlab.org/bos/browsebos.php}",
     
}
@article{Khetarpal:2010,
      author         = "{\relax P.K} Khetarpal",
      title          = "\href{https://www.jlab.org/Hall-B/general/thesis/Khetarpal_thesis.pdf}{NEAR THRESHOLD NEUTRAL PION ELECTROPRODUCTION AT HIGH MOMENTUM TRANSFERS }",
      ee = {https://www.jlab.org/Hall-B/general/thesis/Khetarpal_thesis.pdf},
      journal   = "Ph.D. thesis",
      year           = "2010",
}


@misc{Osipenko:2004,
      author         = "M. Osipenko and A. Vlassov and M. Taiuti",
      howpublished = {CLAS-NOTE-2004-020, \url{https://www.jlab.org/Hall-B/notes/clas_notes04/2004-020.pdf}},
      year           = "2004",
}


@misc{Egian:007,
      author         = "K. Egiyan and others",
 howpublished = {CLAS-NOTE-99-007, \url{https://www.jlab.org/Hall-B/notes/clas_notes99/ec_thresh.ps}}

      year           = "1999",

}

@misc{Genev,
      author         = "{\relax E.N} Golovach and others",
 howpublished = {\url{http://depni.sinp.msu.ru/~golovach/EG/}}
}

@article{Mokeev:1995fy,
      author         = "Mokeev, {\relax V.I} and Santopinto, E. and Giannini,  {\relax M.M} and
                        Ricco, G.",
      title          = "{The Influence of the nuclear medium on the baryon
                        resonance excitation}",
      journal        = "Int. J. Mod. Phys.",
      volume         = "E4",
      year           = "1995",
      pages          = "607-624",
      doi            = "10.1142/S0218301395000237", 
      eprint         = "(see also Refs.[1-5] there)"
      SLACcitation   = "%%CITATION = IMPAE,E4,607;%%"
}%Mokeev - damping 2nd res region

@article{Bianchi:1994ax,
      author         = "Bianchi, N. and others",
      title          = "{Absolute total photoabsorption cross-sections on nuclei
                        in the nucleon resonance region}",
      journal        = "Phys. Lett.",
      volume         = "B325",
      year           = "1994",
      pages          = "333-336",
      doi            = "10.1016/0370-2693(94)90021-3",
      SLACcitation   = "%%CITATION = PHLTA,B325,333;%%"
}%photoabs cr sct

@article{Ahrens:1986hn,
      author         = "Ahrens, J.",
      title          = "{The Total Absorption of Photons by Nuclei}",
      journal        = "Nucl. Phys.",
      volume         = "A446",
      year           = "1985",
      pages          = "229C-239C",
      doi            = "10.1016/0375-9474(85)90591-3",
      SLACcitation   = "%%CITATION = NUPHA,A446,229C;%%"
}%photoabs cr sct


@article{Osipenko:2005gt,
      author         = "Osipenko, M. and others",
      title          = "{Measurement of the deuteron structure function F(2) in
                        the resonance region and evaluation of its moments}",
      collaboration  = "CLAS Collaboration",
      journal        = "Phys. Rev.",
      volume         = "C73",
      year           = "2006",
      pages          = "045205",
       doi            = "10.1103/PhysRevC.73.045205",
    %   eprint         = "hep-ex/0506004",
    %   archivePrefix  = "arXiv",
    %   primaryClass   = "hep-ex",
      reportNumber   = "JLAB-PHY-05-36",
      SLACcitation   = "%%CITATION = HEP-EX/0506004;%%"
}% osipenko F2 function deuteron

@article{Osipenko:2010sb,
      author         = "Osipenko, M. and others",
      title          = "{Measurement of the Nucleon Structure Function F2 in the
                        Nuclear Medium and Evaluation of its Moments}",
      collaboration  = "CLAS Collaboration",
      journal        = "Nucl. Phys.",
      volume         = "A845",
      year           = "2010",
      pages          = "1-32",
      doi            = "10.1016/j.nuclphysa.2010.05.059",
     % eprint         = "1002.3776",
    %  archivePrefix  = "arXiv",
     % primaryClass   = "nucl-ex",
      reportNumber   = "JLAB-PHY-10-1132",
      SLACcitation   = "%%CITATION = ARXIV:1002.3776;%%"
}% osipenko F2 function carbon


@article{Osipenko_2005_note,
      author         = "M. Osipenko and others",
      title          = "\href{https://misportal.jlab.org/ul/Physics/Hall-B/clas/index.cfm?note_year=2005}{ The deuteron structure function F2 with CLAS}",
      ee = {https://misportal.jlab.org/ul/Physics/Hall-B/clas/index.cfm?note_year=2005},
      journal   = "{\normalfont CLAS-NOTE-2005-013, arXiv:hep-ex/0507098}",
      year           = "2005",
}%osipenko F2 function deuteron CLAS note

@article{Osipenko:2003bu,
      author         = "Osipenko, M. and others",
      title          = "{A Kinematically complete measurement of the proton
                        structure function F(2) in the resonance region and
                        evaluation of its moments}",
      collaboration  = "CLAS",
      journal        = "Phys. Rev.",
      volume         = "D67",
      year           = "2003",
      pages          = "092001",
      doi            = "10.1103/PhysRevD.67.092001",
      eprint         = "hep-ph/0301204",
      archivePrefix  = "arXiv",
      primaryClass   = "hep-ph",
      reportNumber   = "JLAB-PHY-03-46",
      SLACcitation   = "%%CITATION = HEP-PH/0301204;%%"
}% osipenko F2 function proton


@article{Krusche:2004xz,
      author         = "Krusche, B.",
      title          = "{Photoproduction of mesons from nuclei: In-medium
                        properties of hadrons}",
      journal        = "Prog. Part. Nucl. Phys.",
      volume         = "55",
      year           = "2005",
      pages          = "46-70",
      doi            = "10.1016/j.ppnp.2004.12.002",
     %  eprint         = "nucl-ex/0411033",
    %   archivePrefix  = "arXiv",
    %   primaryClass   = "nucl-ex",
      SLACcitation   = "%%CITATION = NUCL-EX/0411033;%%"
}%krusche - in-medium properties

@article{Noble:1980my,
      author         = "Noble, {\relax J.V}",
      title          = "{Modification of the nucleon's properties in nuclear
                        matter}",
      journal        = "Phys. Rev. Lett.",
      volume         = "46",
      year           = "1981",
      pages          = "412-415",
      doi            = "10.1103/PhysRevLett.46.412",
      SLACcitation   = "%%CITATION = PRLTA,46,412;%%"
}%off-shell



@book{Byckling:1971vca,
      author         = "Byckling, Eero and Kajantie, K.",
      title          = "{Particle Kinematics}",
      publisher      = "University of Jyvaskyla",
      address        = "Jyvaskyla, Finland",
      year           = "1971",
      url            = "http://www-spires.fnal.gov/spires/find/books/www?cl=QC794.6.K5B99",
      SLACcitation   = "%%CITATION = INSPIRE-1251349;%%"
}

@article{Laforge:1996ts,
      author         = "Laforge, B. and Schoeffel, L.",
      title          = "{Elements of statistical methods in high-energy physics
                        analyses}",
      journal        = "Nucl. Instrum. Meth.",
      volume         = "A394",
      year           = "1997",
      pages          = "115-120",
      doi            = "10.1016/S0168-9002(97)00649-9",
      reportNumber   = "DAPNIA-SPP-96-27",
      SLACcitation   = "%%CITATION = NUIMA,A394,115;%%"
}

@misc{Bosted_fit,
      author         = "P. Bosted and others",
 howpublished = {\url{https://userweb.jlab.org/~bosted/fits.html}}
}%Bosted fit, codes

@article{Bosted:2007xd,
      author         = "Bosted, {\relax P.E} and Christy, {\relax M.E}",
      title          = "{Empirical fit to inelastic electron-deuteron and
                        electron-neutron resonance region transverse
                        cross-sections}",
      journal        = "Phys. Rev.",
      volume         = "C77",
      year           = "2008",
      pages          = "065206",
      doi            = "10.1103/PhysRevC.77.065206",
    %  eprint         = "0711.0159",
     %  archivePrefix  = "arXiv",
     %  primaryClass   = "hep-ph",
      reportNumber   = "JLAB-PHY-07-744",
      SLACcitation   = "%%CITATION = ARXIV:0711.0159;%%"
}%Bosted QE-param

@book{Shirokov_Yudin:1980,
      author         = "Shirokov, {\relax Yu.M} and {\relax N.P} Yudin",
      title          = "{Yadernaya fizika (Nuclear Physics)}",
      publisher      = "Nauka",
      address        = "Moscow",
      year           = "1980",
      url            = "",
      SLACcitation   = "%%"
}


@article{PhysRev.75.705,
  title = {Neutron-Proton and Neutron-Neutron Scattering at High Energies},
  author = {Rohrlich, F. and Eisenstein, J.},
  journal = {Phys. Rev.},
  volume = {75},
  issue = {5},
  pages = {705--724},
  numpages = {0},
  year = {1949},
  month = {Mar},
  publisher = {American Physical Society},
  doi = {10.1103/PhysRev.75.705},
  url = {https://link.aps.org/doi/10.1103/PhysRev.75.705}
}% NN interactions

@article{PhysRevD.20.2804,
  title = {Pion-nucleon partial-wave analysis},
  author = {Cutkosky, {\relax R.E} and Hendrick,  {\relax R.E} and Alcock, {\relax J.W} and Chao, {\relax Y.A} and Lipes, {\relax R.G} and Sandusky, {\relax J.C} and Kelly, {\relax R.L}},
  journal = {Phys. Rev. D},
  volume = {20},
  issue = {11},
  pages = {2804--2838},
  numpages = {0},
  year = {1979},
  month = {Dec},
  publisher = {American Physical Society},
  doi = {10.1103/PhysRevD.20.2804},
  url = {https://link.aps.org/doi/10.1103/PhysRevD.20.2804}
}%piN interactions

@article{Gasparyan:2003fp,
    author = "Gasparyan, {\relax A.M} and Haidenbauer, J. and Hanhart, C. and Speth, J.",
    title = "{Pion nucleon scattering in a meson exchange model}",
    doi = "10.1103/PhysRevC.68.045207",
    journal = "Phys. Rev. C",
    volume = "68",
    pages = "045207",
    year = "2003"
 %   eprint = "nucl-th/0307072",
 %   archivePrefix = "arXiv",
 %   reportNumber = "FZJ-IKP-TH-2003-11",
}%piN interactions

@article{Vrana:1999nt,
    author = "Vrana, {\relax T.P} and Dytman, {\relax S.A} and Lee, {\relax T.S.H}",
    title = "{Baryon resonance extraction from pi N data using a unitary multichannel model}",
    doi = "10.1016/S0370-1573(99)00108-8",
    journal = "Phys. Rept.",
    volume = "328",
    pages = "181--236",
    year = "2000"
 %   eprint = "nucl-th/9910012",
  %  archivePrefix = "arXiv",
}%piN interactions

@article{note_mm_distr,
      author         = "Skorodumina, {\relax Iu}. and Fedotov, {\relax G.V} and Gothe, {\relax R.W}",
      title          = "\href{https://misportal.jlab.org/mis/physics/clas12/viewFile.cfm/2021-002.pdf?documentId=74}{Peculiar features of missing mass distributions in studies of exclusive reactions}",
      journal   = "CLAS12-NOTE-2021-002",
      ee = {https://misportal.jlab.org/mis/physics/clas12/viewFile.cfm/2021-002.pdf?documentId=74},
      year           = "2021",
      eprint         = "2105.13532",
      archivePrefix  = "arXiv",
      primaryClass   = "nucl-ex",
      SLACcitation   = "%%CITATION = ARXIV:1703.08081;%%"
}%note on mm distr


@article{Markov:phd,
      author         = "N. Markov",
      title          = "\href{https://www.jlab.org/Hall-B/general/thesis/Markov_thesis.pdf}{Single $\pi^{0}$ Electroproduction off the Proton in the Resonance region (https://www.jlab.org/Hall-B/general/thesis/Markov\_thesis.pdf)}",
      ee = {ooooooolfhttps://www.jlab.org/Hall-B/general/thesis/Markov_thesis.pdf},
      year           = "2012",
      reportNumber   = "Ph. D. thesis",
}


@article{Ye_Tian:2017,
      author         = "{\relax Ye Tian} and {\relax R.W} Gothe",
      title          = "\href{https://misportal.jlab.org/ul/Physics/Hall-B/clas/analysisIndex.cfm?note_year=2021}{Exclusive $\pi^{-}$ Electroproduction off the Neutron in Deuterium in the Resonance Region}",
      ee = {https://misportal.jlab.org/ul/Physics/Hall-B/clas/analysisIndex.cfm?note_year=2021},
      journal   = "CLAS-Analysis-2021-101",
      year           = "2020",
}%Ye's an note


@article{CLAS:2022kta,
    author = "{\relax Ye Tian} and others",
    collaboration = "CLAS Collaboration",
    title = "{Exclusive \ensuremath{\pi}\ensuremath{-} electroproduction off the neutron in deuterium in the resonance region}",
    doi = "10.1103/PhysRevC.107.015201",
    journal = "Phys. Rev. C",
    volume = "107",
    number = "1",
    pages = "015201",
    year = "2023"
   % eprint = "2203.16785",
   % archivePrefix = "arXiv",
   % primaryClass = "nucl-ex",
}%Ye's paper


@article{Golovach,
      author         = "Golovatch, E. and others",
      title          = "{First results on nucleon resonance photocouplings from
                        the $\gamma p \to \pi^+\pi^-p$ reaction}",
      collaboration  = "CLAS Collaboration",
      journal        = "Phys. Lett.",
      volume         = "B788",
      year           = "2019",
      pages          = "371-379",
      doi            = "10.1016/j.physletb.2018.10.013",
   %   eprint         = "1806.01767",
   %   archivePrefix  = "arXiv",
   %   primaryClass   = "nucl-ex",
      reportNumber   = "JLAB-PHY-18-2734",
      SLACcitation   = "%%CITATION = ARXIV:1806.01767;%%"
}%golovach data article

@article{Golovach:note,     
 author         = "E. Golovach",
title          = "First results on nucleon resonance photocouplings from the $\gamma p \rightarrow \pi^{+} \pi^{-} p$ reaction", journal        = "to be published in Phys. Rev. Lett"
}

@article{Isupov:note,     
 author         = "E. Isupov",
title          = "Double-pion electroproduction from CLAS e1-6 experiment CLAS ANALYSIS NOTE."
}

@article{Arjun,
      author         = "A. Trivedi and {\relax R.W} Gothe",
      title          = "\href{https://misportal.jlab.org/ul/Physics/Hall-B/clas/viewFile.cfm/2019-102.pdf?documentId=781}{Measurement of New Observables from the $p\pi^{+}\pi^{-}$ Electroproduction off the Proton}",
      ee = {https://misportal.jlab.org/ul/Physics/Hall-B/clas/viewFile.cfm/2019-102.pdf?documentId=781},
      journal   = "CLAS-Analysis-2019-102",
      year           = "2018",
}%Arjun's note

@article{Markov:2014,
      author         = "N. Markov and others",
      title          = "\href{https://misportal.jlab.org/ul/physics/hall-b/clas/viewFile.cfm/2014-106.pdf?documentId=732}{Single $\pi^{0}$ Electroproduction off the Proton in the Resonance region}",
      ee = {https://misportal.jlab.org/ul/physics/hall-b/clas/viewFile.cfm/2014-106.pdf?documentId=732},
      journal   = "CLAS-Analysis-2014-106",
      year           = "2014",
}%Markov's an note

@article{ParticleDataGroup:2012pjm,
    author = "Beringer, J. and others",
    collaboration = "Particle Data Group",
    title = "{Review of Particle Physics (RPP)}",
    reportNumber = "SLAC-REPRINT-2014-001",
    doi = "10.1103/PhysRevD.86.010001",
    journal = "Phys. Rev. D",
    volume = "86",
    pages = "010001",
    year = "2012"
}

@article{Darwish:2002qu,
    author = "Darwish, {\relax E.M} and Arenhovel, H. and Schwamb, M.",
    title = "{Influence of final state interaction on incoherent pion photoproduction on the deuteron in the region of the Delta resonance}",
    doi = "10.1140/epja/i2002-10071-3",
    journal = "Eur. Phys. J. A",
    volume = "16",
    pages = "111--125",
    year = "2003"
  %  eprint = "nucl-th/0208030",
   % archivePrefix = "arXiv",
  %  reportNumber = "MKPH-T-02-06",

}

@article{PhysRevC.84.035203,
  author = {Tarasov, {\relax V.E} and Briscoe, {\relax W.J} and Gao, H. and Kudryavtsev, {\relax A.E} and Strakovsky, {\relax I.I}},
  title = {Extracting the photoproduction cross sections off the neutron, via the $\gamma n \rightarrow \pi^{-} p $ reaction, from deuteron data with final-state interaction effects},
  journal = {Phys. Rev. C},
  volume = {84},
  issue = {3},
  pages = {035203},
  numpages = {14},
  year = {2011},
  month = {Sep},
  publisher = {American Physical Society},
  doi = {10.1103/PhysRevC.84.035203},
  url = {https://link.aps.org/doi/10.1103/PhysRevC.84.035203}
}


